@ONLINE{Alamos:FE2,
	author = {{Alamos {G}mb{H}}},
	title = {{firEmergency 2}},
	url = {https://www.alamos-gmbh.com/service/fe2/},
	urldate = {2018-06-19}
}

@ONLINE{Alamos:FE2Pricing,
	author = {Alamos {G}mb{H}},
	title = {{{FE2} serverseitige {L}izenzierung - {A}lamos {G}mb{H}}},
	url = {https://www.alamos-gmbh.com/produkt/fe-2-serverseitige-lizenzierung/},
	urldate = {2018-06-20}
}

@ONLINE{Alamos:FE2SystemRequirements,
	author = {Alamos {G}mb{H}},
	title = {{Systemvoraussetzungen - Handbuch - Alamos GmbH}},
	url = {http://docu.alamos-gmbh.com/display/documentation/Systemvoraussetzungen},
	urldate = {2018-06-20}
}

@ONLINE{Github:GSON,
	author = {{G}oogle {GSON}},
	title = {{google/gson: A Java serialization/deserialization library to convert Java Objects into JSON and back}},
	url = {https://github.com/google/gson},
	urldate = {2018-06-23}
}

@ONLINE{Android:DBDocumentation,
	author = {Android Developers},
	title = {{Data and file storage overview | Android Developers}},
	url = {https://developer.android.com/guide/topics/data/data-storage#db},
	urldate = {2018-06-23}
}

@ONLINE{Github:Retrofit,
	author = {Square},
	title = {{Retrofit - A type-safe HTTP client for Android and Java}},
	url = {http://square.github.io/retrofit/},
	urldate = {2018-06-23}
}

@ONLINE{Github:Retrofit,
	author = {Firebase},
	title = {{About FCM Messages | Firebase}},
	url = {https://firebase.google.com/docs/cloud-messaging/concept-options#notifications_and_data_messages},
	urldate = {2018-06-23}
}